@Article{Lenstra1991,
  author =	"Lenstra, H. W.",
  title =	"Finding Isomorphisms between Finite Fields",
  journal =	"Mathematics of Computation",
  volume =	"56",
  year = 	"1991",
  pages = 	"329-347"
}

@article{Allombert2002,
  author = "Bill Allombert",
  title = "Explicit Computation of Isomorphisms between Finite Fields ",
  journal = "Finite Fields and Their Applications ",
  volume = "8",
  number = "3",
  pages = "332-342",
  year = "2002",
}

@article{doliskanischost2011,
  title={Taking roots over high extensions of finite fields},
  author={Doliskani, Javad and Schost, {\'E}ric},
  journal={Mathematics of Computation},
  year={2013}
}

@article{shoup1994fast,
  title={Fast Construction of Irreducible Polynomials over Finite Fields},
  author={Shoup, Victor},
  journal={Journal of Symbolic Computation},
  volume={17},
  number={5},
  pages={371--391},
  year={1994},
  publisher={Elsevier}
}

@Article{Pohlig1978,
  author =	"S. C. Pohlig and M. E. Hellman",
  year = 	"1978",
  title =	"An improved algorithm for computing logarithms over ${GF}(p)$ and its cryptographic significance",
  journal =	"IEEE Transactions on Information Theory",
  volume =	"IT-24",
  pages =	"106--110",
}

@inproceedings{kaltofen1997fast,
  title={Fast polynomial factorization over high algebraic extensions of finite fields},
  author={Kaltofen, Erich and Shoup, Victor},
  booktitle={Proceedings of the 1997 international symposium on Symbolic and algebraic computation},
  pages={184--188},
  year={1997},
  organization={ACM}
}

@book{GaGe03,
Author = {von zur Gathen, J. and Gerhard, J.},
Publisher = {Cambridge University Press},
Title = {Modern {C}omputer {A}lgebra},
Year = {2003}
}

@article{von1992computing,
  title={Computing Frobenius maps and factoring polynomials},
  author={Von Zur Gathen, Joachim and Shoup, Victor},
  journal={Computational complexity},
  volume={2},
  number={3},
  pages={187--224},
  year={1992},
  publisher={Springer}
}
